@online{ecured,
    author = "David08031jc",
    title = "Memoria (inform√°tica)",
    url  = "https://www.ecured.cu/Memoria_(inform%C3%A1tica)",
    addendum = "(accessed: 01.09.2016)",
    keywords = "latex,knuth"
