@article{Salazar,
    author = "Augusto Salazar",
    title = "{Nociones de la memoria de un computador} ({Colombia})",
    keywords = "computing"
}
